@inproceedings{saha2025pseudonymization,
  author    = {Saurav Kumar Saha and Felix Biessmann},
  title     = {End-to-end Pseudonymization of German Texts with Deep Learning – An Empirical Comparison of Classical and Modern Approaches},
  booktitle = {Proceedings of the 1st International Conference on AI in Medicine and Healthcare (AiMH' 2025)},
  pages     = {98--104},
  year      = {2025},
  editor    = {Sergey Y. Yurish},
  publisher = {IFSA Publishing, S. L.},
  address   = {Barcelona, Spain},
  isbn      = {978-84-09-71190-1},
  issn      = {2938-5350},
  doi       = {10.13140/RG.2.2.20387.77606},
  note      = {Innsbruck, Austria, 8–10 April 2025}
}